<?xml version="1.0" encoding="UTF-8"?><collection xmlns="http://www.loc.gov/MARC21/slim"><record><leader>00456nam--2200169-i-4500</leader><controlfield tag="001">000027545</controlfield><controlfield tag="002">20161230</controlfield><controlfield tag="005">20161230201036</controlfield><controlfield tag="008">060222s1000------------r-----000-0-eng-d</controlfield><datafield ind1=" " ind2=" " tag="080"><subfield code="a">531</subfield></datafield><datafield ind1="1" ind2=" " tag="100"><subfield code="a">Landau L.D</subfield></datafield><datafield ind1="1" ind2="0" tag="245"><subfield code="a">Course of theoretical physics. vol. 1 mechanics</subfield><subfield code="c">L.d. landau, e.m. lifshitz</subfield></datafield><datafield ind1=" " ind2=" " tag="260"><subfield code="a">London</subfield><subfield code="b">Pergamon Press</subfield><subfield code="c">1960</subfield></datafield><datafield ind1=" " ind2=" " tag="300"><subfield code="a">VII+165 p</subfield></datafield><datafield ind1="1" ind2=" " tag="700"><subfield code="a">Lifshitz, E.M</subfield></datafield><datafield ind1=" " ind2=" " tag="852"><subfield code="a">14008</subfield><subfield code="c">530.1</subfield></datafield><datafield ind1=" " ind2=" " tag="CAT"><subfield code="a">Sys</subfield><subfield code="c">20160414</subfield><subfield code="h">122840</subfield></datafield></record></collection>